@Article{Anders:2010:GB,
  url =		 {http://genomebiology.com/2010/11/10/R106},
  author =	 {Simon Anders and Wolfgang Huber},
  Title =	 {{D}ifferential expression analysis for sequence
                  count data},
  Journal =	 {Genome Biology},
  Year =	 2010,
  Volume =	 11,
  Pages =	 {R106},
}

@article{DEXSeqPaper,
  author =	 {Simon Anders and Alejandro Reyes and Wolfgang Huber},
  title =	 {Detecting differential usage of exons from {RNA-seq}
                  data},
  year =	 2012,
  journal =	 {Genome Research},
  Volume =	 22,
  Pages =	 "2008",
  doi =		 {10.1101/gr.133744.111},
}

@article{Brooks2010,
  author =	 {Angela N. Brooks and Li Yang and Michael O. Duff and Kasper D. Hansen and
   Jung W. Park and Sandrine Dudoit and Steven E. Brenner and Brenton R. Graveley},
  doi =		 {10.1101/gr.108662.110},
  issn =	 {1088},
  journal =	 {Genome Research},
  volume = {21},
  pages =	 {193--202},
  title =	 {{Conservation of an RNA regulatory map between
                  Drosophila and mammals}},
  url =
                  {http://genome.cshlp.org/cgi/doi/10.1101/gr.108662.110},
  year =	 2011
}

@article{edgeR,
  author =	 {Robinson, Mark D. and Smyth, Gordon K.},
  title =	 {Moderated statistical tests for assessing
                  differences in tag abundance},
  journal =	 {Bioinformatics},
  volume =	 23,
  pages =	 {2881},
  doi =		 {10.1093/bioinformatics/btm453},
  year =	 2007,
  URL =          {http://bioinformatics.oxfordjournals.org/cgi/content/abstract/23/21/2881},
  eprint =       {http://bioinformatics.oxfordjournals.org/cgi/reprint/23/21/2881.pdf}
}

@article{edgeR_GLM,
  author = {McCarthy, Davis J. and Chen, Yunshun and Smyth, Gordon K.},
  year = {2012},
  title = {Differential expression analysis of multifactor {RNA-Seq} experiments with respect to biological variation},
  journal = {Nucleic Acids Research},
  volume = {40}, 
  pages = {4288-4297}
}  


@misc{pasillaVignette,
  title = {Data preprocessing and creation of the data objects {pasillaGenes} and {pasillaExons}},
  author = {Alejandro Reyes},
  year = {2013},
  howpublished = {Vignette to Bioconductor data package \emph{pasilla}, \url{http://bioconductor.org/packages/release/data/experiment/html/pasilla.html}}
}

@article{DEProt,
   title = {Count-based differential expression analysis of {RNA} sequencing data using {R} and {Bioconductor}},
   author = {Simon Anders and Davis J. McCarthy and Yunshen Chen and Michal Okoniewski and Gordon K. Smyth and Wolfgang Huber and Mark D. Robinson},
   year = {2013},
   journal = {Nature Protocols},
   volume = {8},
   pages = {1765},
   doi = {10.1038/nprot.2013.099}
}

@misc{parathyroidSEVignette,
  title = {{SummarizedExperiment for RNA-Seq of primary cultures of parathyroid tumors by Haglund et al., J Clin Endocrinol Metab 2012}},
  author = {Michael Love},
  year = {2013},
  howpublished = {Vignette to Bioconductor data package \emph{parathyroidSE}, \url{http://bioconductor.org/packages/release/data/experiment/html/parathyroidSE.html}}
}

@article{parathyroidPaper,
author = {Haglund, Felix and Ma, Ran and Huss, Mikael and Sulaiman, Luqman and Lu, Ming and Nilsson, Inga-Lena and H\"o\"og, Anders and Juhlin, C. Christofer and Hartman, Johan and Larsson, Catharina}, 
title = {Evidence of a Functional Estrogen Receptor in Parathyroid Adenomas},
volume = {97}, 
number = {12}, 
year = {2012}, 
doi = {10.1210/jc.2012-2484}, 
URL = {http://jcem.endojournals.org/content/97/12/4631.abstract}, 
eprint = {http://jcem.endojournals.org/content/97/12/4631.full.pdf+html}, 
journal = {Journal of Clinical Endocrinology \& Metabolism} 
}
